@book{Java8,
  title={The Java Language Specification},
  author={Gosling, J. and Joy, B. and Steele, G.L. and Bracha, G. and Buckley, A.},
  isbn={9780133900699},
  lccn={2014936248},
  series={Java (Addison-Wesley)},
  url={https://books.google.co.uk/books?id=mh-KAwAAQBAJ},
  year={2014},
  publisher={Addison Wesley Professional}
}


@book{ANTLR4,
  title={The definitive ANTLR 4 reference},
  author={Parr, Terence},
  year={2013},
  publisher={Pragmatic Bookshelf}
}